@techreport{garant2015accelerating,
 title={Accelerating multi-agent reinforcement learning with dynamic co-learning},
 author={Garant, Daniel and da Silva, Bruno Castro and Lesser, Victor and Zhang, Chongjie},
 year={2015},
 institution={Technical report}
}

@inproceedings{carroll2005task,
 title={Task similarity measures for transfer in reinforcement learning task libraries},
 author={Carroll, James L and Seppi, Kevin},
 booktitle={Neural Networks, 2005. IJCNN'05. Proceedings. 2005 IEEE International Joint Conference on},
 volume={2},
 pages={803--808},
 year={2005},
 organization={IEEE}
}

@article{gmytrasiewicz2005framework,
 title={A framework for sequential planning in multi-agent settings.},
 author={Gmytrasiewicz, Piotr J and Doshi, Prashant},
 journal={J. Artif. Intell. Res.(JAIR)},
 volume={24},
 pages={49--79},
 year={2005}
}

@inproceedings{guestrin2002multiagent,
 title={Multiagent planning with factored MDPs},
 author={Guestrin, Carlos and Koller, Daphne and Parr, Ronald},
 booktitle={Advances in neural information processing systems},
 pages={1523--1530},
 year={2002}
}

@inproceedings{kitano1999robocup,
 title={Robocup rescue: Search and rescue in large-scale disasters as a domain for autonomous agents research},
 author={Kitano, Hiroaki and Tadokoro, Satoshi and Noda, Itsuki and Matsubara, Hitoshi and Takahashi, Tomoichi and Shinjou, Atsuhi and Shimada, Susumu},
 booktitle={Systems, Man, and Cybernetics, 1999. IEEE SMC'99 Conference Proceedings. 1999 IEEE International Conference on},
 volume={6},
 pages={739--743},
 year={1999},
 organization={IEEE}
}

@inproceedings{lazaric2008transfer,
 title={Transfer of samples in batch reinforcement learning},
 author={Lazaric, Alessandro and Restelli, Marcello and Bonarini, Andrea},
 booktitle={Proceedings of the 25th international conference on Machine learning},
 pages={544--551},
 year={2008},
 organization={ACM}
}

@article{littman2001value,
 title={Value-function reinforcement learning in Markov games},
 author={Littman, Michael L},
 journal={Cognitive Systems Research},
 volume={2},
 number={1},
 pages={55--66},
 year={2001},
 publisher={Elsevier}
}

@article{ghavamzadeh2006hierarchical,
 title={Hierarchical multi-agent reinforcement learning},
 author={Ghavamzadeh, Mohammad and Mahadevan, Sridhar and Makar, Rajbala},
 journal={Autonomous Agents and Multi-Agent Systems},
 volume={13},
 number={2},
 pages={197--229},
 year={2006},
 publisher={Springer}
}

@inproceedings{nair2005networked,
 title={Networked distributed POMDPs: A synthesis of distributed constraint optimization and POMDPs},
 author={Nair, Ranjit and Varakantham, Pradeep and Tambe, Milind and Yokoo, Makoto},
 booktitle={AAAI},
 volume={5},
 pages={133--139},
 year={2005}
}

@article{nedic2009distributed,
 title={Distributed subgradient methods for multi-agent optimization},
 author={Nedic, Angelia and Ozdaglar, Asuman},
 journal={IEEE Transactions on Automatic Control},
 volume={54},
 number={1},
 pages={48--61},
 year={2009},
 publisher={IEEE}
}

@inproceedings{oliehoek2008exploiting,
 title={Exploiting locality of interaction in factored Dec-POMDPs},
 author={Oliehoek, Frans A and Spaan, Matthijs TJ and Whiteson, Shimon and Vlassis, Nikos},
 booktitle={Proceedings of the 7th international joint conference on Autonomous agents and multiagent systems-Volume 1},
 pages={517--524},
 year={2008},
 organization={International Foundation for Autonomous Agents and Multiagent Systems}
}

@article{price2003accelerating,
 title={Accelerating reinforcement learning through implicit imitation},
 author={Price, Bob and Boutilier, Craig},
 journal={Journal of Artificial Intelligence Research},
 volume={19},
 pages={569--629},
 year={2003}
}

@inproceedings{renyi1961measures,
 title={On measures of entropy and information},
 author={R{\'e}nyi, Alfr{\'e}d and others},
 booktitle={Proceedings of the Fourth Berkeley Symposium on Mathematical Statistics and Probability, Volume 1: Contributions to the Theory of Statistics},
 year={1961},
 organization={The Regents of the University of California}
}

@article{taylor2009transfer,
 title={Transfer learning for reinforcement learning domains: A survey},
 author={Taylor, Matthew E and Stone, Peter},
 journal={Journal of Machine Learning Research},
 volume={10},
 number={Jul},
 pages={1633--1685},
 year={2009}
}

@inproceedings{vickrey2002multi,
 title={Multi-agent algorithms for solving graphical games},
 author={Vickrey, David and Koller, Daphne},
 booktitle={AAAI/IAAI},
 pages={345--351},
 year={2002}
}

@inproceedings{witwicki2010influence,
 title={Influence-Based Policy Abstraction for Weakly-Coupled Dec-POMDPs.},
 author={Witwicki, Stefan J and Durfee, Edmund H},
 booktitle={ICAPS},
 pages={185--192},
 year={2010}
}

@inproceedings{zhang2013coordinating,
 title={Coordinating multi-agent reinforcement learning with limited communication},
 author={Zhang, Chongjie and Lesser, Victor},
 booktitle={Proceedings of the 2013 international conference on Autonomous agents and multi-agent systems},
 pages={1101--1108},
 year={2013},
 organization={International Foundation for Autonomous Agents and Multiagent Systems}
}

@inproceedings{zhang2010self,
 title={Self-organization for coordinating decentralized reinforcement learning},
 author={Zhang, Chongjie and Lesser, Victor and Abdallah, Sherief},
 booktitle={Proceedings of the 9th International Conference on Autonomous Agents and Multiagent Systems: volume 1-Volume 1},
 pages={739--746},
 year={2010},
 organization={International Foundation for Autonomous Agents and Multiagent Systems}
}

@inproceedings{randlov1998learning,
  title={Learning to drive a bicycle using reinforcement learning and shaping},
  author={Randlov, Jette and Alstrom, Preben},
  booktitle={Proceedings of the Fifteenth International Conference on Machine Learning},
  pages={463--471},
  year={1998}
}

@book{sutton1998reinforcement,
  title={Reinforcement learning: An introduction},
  author={Sutton, Richard S and Barto, Andrew G},
  volume={1},
  number={1},
  year={1998},
  publisher={MIT press Cambridge}
}

@article{tuyls2005evolutionary,
  title={Evolutionary game theory and multi-agent reinforcement learning},
  author={Tuyls, Karl and Now{\'e}, Ann},
  journal={The Knowledge Engineering Review},
  volume={20},
  number={1},
  pages={63--90},
  year={2005},
  publisher={Cambridge University Press}
}
